@inproceedings{klein2009sel4,
  title={seL4: Formal verification of an OS kernel},
  author={Klein, Gerwin and Elphinstone, Kevin and Heiser, Gernot and Andronick, June and Cock, David and Derrin, Philip and Elkaduwe, Dhammika and Engelhardt, Kai and Kolanski, Rafal and Norrish, Michael and others},
  booktitle={Proceedings of the ACM SIGOPS 22nd symposium on Operating systems principles},
  pages={207--220},
  year={2009}
}

@inproceedings{mcvoy1996lmbench,
  title={lmbench: Portable tools for performance analysis.},
  author={McVoy, Larry W and others}
}

@misc{HostDepe94:online,
author = {},
title = {Host Dependencies | seL4 docs},
howpublished = {\url{https://docs.sel4.systems/projects/buildsystem/host-dependencies.html}},
month = {},
year = {},
note = {(Accessed on 03/19/2020)}
}

@misc{Tutorial63:online,
author = {},
title = {Tutorials | seL4 docs},
howpublished = {\url{https://docs.sel4.systems/Tutorials/}},
month = {},
year = {},
note = {(Accessed on 03/19/2020)}
}

@misc{utillibs55:online,
author = {},
title = {util\_libs/libethdrivers at master Â· seL4/util\_libs},
howpublished = {\url{https://github.com/seL4/util_libs/tree/master/libethdrivers}},
month = {},
year = {},
note = {(Accessed on 03/19/2020)}
}

@misc{lwIPWiki65:online,
author = {},
title = {lwIP - Wikipedia},
howpublished = {\url{https://en.wikipedia.org/wiki/LwIP}},
month = {},
year = {},
note = {(Accessed on 03/19/2020)}
}